<record><leader>00000cas a22000007a 4500</leader><controlfield tag="001">22608718</controlfield><controlfield tag="008">901030d18861887coudr ne      0    0eng d</controlfield><datafield ind1=" " ind2=" " tag="010"><subfield code="a">sn 90051885 </subfield></datafield><datafield ind1=" " ind2=" " tag="040"><subfield code="a">CNQ</subfield><subfield code="b">eng</subfield><subfield code="c">CNQ</subfield><subfield code="d">OCLCQ</subfield></datafield><datafield ind1=" " ind2=" " tag="042"><subfield code="a">msc</subfield></datafield><datafield ind1="0" ind2=" " tag="130"><subfield code="a">Evening times (Denver, Colo. : 1886)</subfield></datafield><datafield ind1="1" ind2="4" tag="245"><subfield code="a">The evening times.</subfield></datafield><datafield ind1=" " ind2=" " tag="260"><subfield code="a">Denver, Colo. :</subfield><subfield code="b">Times Co.</subfield></datafield><datafield ind1=" " ind2=" " tag="300"><subfield code="a">v.</subfield></datafield><datafield ind1=" " ind2=" " tag="310"><subfield code="a">Daily</subfield></datafield><datafield ind1="0" ind2=" " tag="362"><subfield code="a">Vol. 15, no. 310 (Dec. 31, 1886)-v. 16, no. 6 (Jan. 8, 1887).</subfield></datafield><datafield ind1=" " ind2=" " tag="752"><subfield code="a">United States</subfield><subfield code="b">Colorado</subfield><subfield code="c">Denver</subfield><subfield code="d">Denver.</subfield></datafield><datafield ind1="0" ind2=" " tag="775"><subfield code="t">Denver weekly times</subfield><subfield code="w">(DLC)sn 84022325</subfield></datafield><datafield ind1="0" ind2="0" tag="780"><subfield code="t">Denver daily times</subfield><subfield code="w">(DLC)sn 84022326</subfield></datafield><datafield ind1="0" ind2="0" tag="785"><subfield code="t">Denver evening times</subfield><subfield code="w">(DLC)sn 90051888</subfield></datafield></record>